
@misc{opensource_what_is,
  author       = {OpenSource.com},
  title        = {What is Open Source?},
  year         = {2024},
  howpublished = {\url{https://opensource.com/resources/what-open-source}},
  note         = {Accessed: 2024-12-02}
}

@misc{Linus_Torvalds_quote_open_source,
  author = {Linus Torvalds},
  howpublished = {\url{https://www.brainyquote.com/quotes/linus_torvalds_135583}},
  title = {Linus Torvalds Quotes},
  year = {2024},
  note = {Accessed: 2024-12-02}
}

@misc{Open_Source_Initiative_OS_definition,
  author = {Open Source Initiative},
  howpublished = {\url{https://opensource.org/osd}},
  title = {The Open Source Definition},
  year = {2007},
  note = {Accessed: 2024-12-02}
}


@misc{forbes_misconceptions_open_source_2024,
    author = {{Forbes Technology Council}},
    title = {Misconceptions About Open Source Solutions Clarified By Tech Experts},
    year = {2024},
    month = {October},
    day = {9},
    url = {https://www.forbes.com/councils/forbestechcouncil/2024/10/09/misconceptions-about-open-source-solutions-clarified-by-tech-experts/},
    note = {Accessed: 2024-12-04}
}

@book{opensource_hendrickson2012economic,
  title={Economic Impact of Open Source on Small Business: A Case Study},
  author={Hendrickson, M. and Magoulas, R. and O'Reilly, T.},
  isbn={9781449341411},
  url={https://www.oreilly.com/library/view/economic-impact-of/9781449343408/},
  year={2012},
  publisher={O'Reilly Media}
}

@misc{studiolabs_open_source_startups_2024,
    author = {StudioLabs},
    title = {Open Source for Startups: Lower Costs, Higher Growth},
    year = {2024},
    url = {https://www.studiolabs.com/open-source-for-startups-lower-costs-higher-growth/},
    note = {Accessed: 2024-12-04}
}

@misc{WhatisOllama,
author = {Ankush},
  title = {What is Ollama? Everything Important You Should Know},
  url = "https://itsfoss.com/ollama/",
month = {7},
year = {2024},
  note = "[Online; accessed 2025-01-13]"
}

@misc{OpenAI_API_overview,
author = {},
  title = {Overview - OpenAI API},
  url = "https://platform.openai.com/docs/overview",
month = {},
year = {},
  note = "[Online; accessed 2025-01-13]"
}

@misc{Key_Criteria_LLM_choose,
author = {Vivien Tran-Thien},
  title = {Key Criteria When Selecting an LLM},
  url = "https://blog.dataiku.com/key-criteria-when-selecting-an-llm",
month = {},
year = {},
  note = "[Online; accessed 2025-01-13]"
}

@misc{BLUE-Score-Wikipedia,
author = {Contributors to Wikimedia projects},
  title = {BLEU - Wikipedia},
  url = "https://en.wikipedia.org/wiki/BLEU",
month = {1},
year = {2006},
  note = "[Online; accessed 2025-01-13]"
}

@misc{ROUGE-BLUE-Score,
author = {Sthanikam Santhosh},
  title = {Understanding BLEU and ROUGE score for NLP evaluation | by Sthanikam Santhosh | Medium},
  url = "https://medium.com/@sthanikamsanthosh1994/understanding-bleu-and-rouge-score-for-nlp-evaluation-1ab334ecadcb",
month = {4},
year = {2023},
  note = "[Online; accessed 2025-01-13]"
}


@misc{Ollama-models-overview,
author = {},
  title = {Ollama},
  url = "https://ollama.com/search",
month = {},
year = {},
  note = "[Online; accessed 2025-01-20]"
}

@misc{ollama-python-documentation-github,
author = {},
  title = {ollama/ollama-python: Ollama Python library},
  url = "https://github.com/ollama/ollama-python",
month = {},
year = {},
  note = "[Online; accessed 2025-01-21]"
}

@misc{what-are-LLMs-IBM,
author = {IBM},
  title = {What Are Large Language Models (LLMs)? | IBM},
  url = "https://www.ibm.com/think/topics/large-language-models",
month = {},
year = {},
  note = "[Online; accessed 2025-01-21]"
}

@misc{psutil-library-explanation,
author = {},
  title = {psutil · PyPI},
  url = "https://pypi.org/project/psutil/",
month = {12},
year = {2024},
  note = "[Online; accessed 2025-01-21]"
}

@misc{HTML-Wikipedia,
author = {},
  title = {HTML - Wikipedia},
  url = "https://en.wikipedia.org/wiki/HTML",
month = {7},
year = {2001},
  note = "[Online; accessed 2025-01-23]"
}

@misc{CSS-Wikipedia,
author = {Contributors to Wikimedia projects},
  title = {CSS - Wikipedia},
  url = "https://en.wikipedia.org/wiki/CSS",
month = {11},
year = {2001},
  note = "[Online; accessed 2025-01-23]"
}

@misc{JavaScript-Wikipedia,
author = {Contributors to Wikimedia projects},
  title = {JavaScript - Wikipedia},
  url = "https://en.wikipedia.org/wiki/JavaScript",
month = {11},
year = {2001},
  note = "[Online; accessed 2025-01-23]"
}

@misc{advantages-of-open-source-software,
author = {},
  title = {10 biggest advantages of open-source software},
  url = "https://www.rocket.chat/blog/open-source-software-advantages",
month = {1},
year = {2022},
  note = "[Online; accessed 2025-01-28]"
}

@misc{Pros-and-cons-of-open-source-software,
  author = {},
  title = {The Pros and Cons of Open-Source Software: A Guide for Developers and Executives},
  url = "https://www.bairesdev.com/blog/the-pros-and-cons-of-open-source-software-a-guide-for-developers-and-executives/",
  month = {5},
  year = {2023},
  note = "[Online; accessed 2025-01-28]"
}

@misc{OpenAI-API-Documentation,
author = {},
  title = {Overview - OpenAI API},
  url = "https://platform.openai.com/docs/overview",
month = {},
year = {},
  note = "[Online; accessed 2025-02-07]"
}


@misc{understanding-tokens-context-window-llms,
author = {Peter Foy},
  title = {Understanding Tokens \& Context Windows},
  url = "https://blog.mlq.ai/tokens-context-window-llms/",
month = {3},
year = {2024},
  note = "[Online; accessed 2025-02-07]"
}

@misc{OpenAI-Data-Residency-Europe,
author = {},
  title = {Introducing data residency in Europe | OpenAI},
  url = "https://openai.com/index/introducing-data-residency-in-europe/?utm_source=chatgpt.com",
month = {},
year = {},
  note = "[Online; accessed 2025-02-07]"
}

@misc{OpenAI-privacy-complaint-Austria,
author = {Savannah Fortis},
  title = {OpenAI hit with privacy complaint in Austria, potential EU law breach},
  url = "https://cointelegraph.com/news/openai-privacy-complaint-austria-potential-eu-law-breach",
month = {4},
year = {2024},
  note = "[Online; accessed 2025-02-07]"
}

@misc{Ollama-Download-Website,
author = {},
  title = {Ollama},
  url = "https://ollama.com/search",
month = {},
year = {},
  note = "[Online; accessed 2025-02-07]"
}

@misc{dockerize_flask,
author = {},
  title = {Docker_Flask},
  url = "https://www.freecodecamp.org/news/how-to-dockerize-a-flask-app/",
month = {},
year = {},
  note = "[Online; accessed 2025-02-13]"
}


@misc{docker_compose,
author = {},
  title = {Doocker_Compose},
  url = "https://docs.docker.com/compose/",
month = {},
year = {},
  note = "[Online; accessed 2025-02-13]"
}

  @misc{wolf-etal-2020-transformers,
    title = {Transformers: State-of-the-Art Natural Language Processing},
    author = {Wolf, Thomas and Debut, Lysandre and Sanh, Victor and Chaumond, Julien and Delangue, Clément and Moi, Anthony and Cistac, Pierric and Rault, Tim and Louf, Rémi and Funtowicz, Morgan and Davison, Joe and Shleifer, Sam and von Platen, Patrick and Ma, Clara and Jernite, Yacine and Plu, Julien and Xu, Canwen and Le Scao, Teven and Gugger, Sylvain and Drame, Mariama and Lhoest, Quentin and Rush, Alexander M.},
    year = {2020},
    month = {October},
    howpublished = {Online},
    note = {Proceedings of the 2020 Conference on Empirical Methods in Natural Language Processing: System Demonstrations, Association for Computational Linguistics, 38--45},
    url = {https://www.aclweb.org/anthology/2020.emnlp-demos.6}
  }

@misc{python-json,
    title = {json --- JSON encoder and decoder},
    author = {Python Software Foundation},
    year = {2025},
    note = {Accessed: 2025-02-14},
    url = {https://docs.python.org/3/library/json.html},
}

@misc{nltk,
  author       = {Bird, Steven and Klein, Ewan and Loper, Edward},
  title        = {Natural Language Toolkit (NLTK)},
  year         = {2025},
  note         = {Zugriff am 13. Februar 2025},
  url          = {https://www.nltk.org/}
}

@misc{rouge-score,
  author       = {Google Research},
  title        = {ROUGE Score Python Library},
  year         = {2025},
  note         = {Zugriff am 13. Februar 2025},
  url          = {https://pypi.org/project/rouge-score/}
}

@misc{language-tool-python,
  author       = {Naber, Daniel and andere},
  title        = {LanguageTool: A Multilingual Grammar and Style Checker},
  year         = {2025},
  note         = {Zugriff am 13. Februar 2025},
  url          = {https://pypi.org/project/language-tool-python/}
}

@misc{textstat,
  author       = {Bansal, Shivam and Aggarwal, Chaitanya},
  title        = {Textstat: Python Library for Text Statistics},
  year         = {2025},
  note         = {Zugriff am 13. Februar 2025},
  url          = {https://pypi.org/project/textstat/}
}


@misc{Ollama-Guide-Cohorte-Projects,
author = {},
  title = {A Comprehensive Guide to Ollama - Cohorte Projects},
  url = "https://www.cohorte.co/blog/a-comprehensive-guide-to-ollama",
month = {},
year = {},
  note = "[Online; accessed 2025-02-14]"
}


  @misc{llava-introduction,
          author={Liu, Haotian and Li, Chunyuan and Li, Yuheng and Lee, Yong Jae},
          title={Improved Baselines with Visual Instruction Tuning}, 
          publisher={arXiv:2310.03744},
          year={2023},
  }

  @misc{pandas,
  author       = {Wes McKinney and the Pandas Development Team},
  title        = {Pandas: Python Data Analysis Library},
  year         = {2025},
  note         = {Accessed: 2025-02-14},
  url          = {https://pandas.pydata.org/}
}

@misc{matplotlib,
  author       = {John D. Hunter and the Matplotlib Development Team},
  title        = {Matplotlib: Python Plotting Library},
  year         = {2025},
  note         = {Accessed: 2025-02-14},
  url          = {https://matplotlib.org/}
}

@misc{seaborn,
  author       = {Michael Waskom and the Seaborn Development Team},
  title        = {Seaborn: Statistical Data Visualization},
  year         = {2025},
  note         = {Accessed: 2025-02-14},
  url          = {https://seaborn.pydata.org/}
}

@misc{numpy,
  author       = {Travis Oliphant and the NumPy Development Team},
  title        = {NumPy: The Fundamental Package for Numerical Computation},
  year         = {2025},
  note         = {Accessed: 2025-02-14},
  url          = {https://numpy.org/}
}

@misc{Typescript_w3,
  author       = {W3Schools},
  title        = {TypeScript Introduction},
  year         = {2025},
  note         = {Accessed: 2025-02-14},
  url          = {https://www.w3schools.com/typescript/typescript_intro.php}
}


@misc{axios_docs,
  author       = {},
  title        = {Axios Docs},
  year         = {2025},
  note         = {Accessed: 2025-02-14},
  url          = {https://axios-http.com/docs/intro}
}


@misc{VueJS-introduction,
author = {Mehdi Zed},
  title = {Understand VueJS in 5 minutes - Je suis un dev},
  url = "https://www.jesuisundev.com/en/understand-vuejs-in-5-minutes/",
month = {7},
year = {2020},
  note = "[Online; accessed 2025-02-15]"
}

@misc{Firebase-features,
author = {},
  title = {Firebase Features Explained in Detail (2025 Update)},
  url = "https://www.lido.app/firebase/firebase-features",
month = {},
year = {},
  note = "[Online; accessed 2025-02-16]"
}

@misc{ChatGPT-API-Pricing,
author = {},
  title = {Pricing | OpenAI},
  url = "https://openai.com/api/pricing/",
month = {},
year = {},
  note = "[Online; accessed 2025-02-17]"
}


@misc{What-Is-Markdown,
author = {},
  title = {Introduction to Markdown — Write the Docs},
  url = "https://www.writethedocs.org/guide/writing/markdown/",
month = {},
year = {},
  note = "[Online; accessed 2025-02-17]"
}

@misc{OpenSource-Software-Risks-Disadvantages,
author = {Ninad Mathpati},
  title = {Open-Source Software Overview: Benefits, Risks, \& Best Practices},
  url = "https://www.cobalt.io/blog/risks-of-open-source-software",
month = {2},
year = {2023},
  note = "[Online; accessed 2025-02-18]"
}

@misc{OpenSource-Legal-Guide,
author = {},
  title = {The Legal Side of Open Source | Open Source Guides},
  url = "https://opensource.guide/legal/",
month = {2},
year = {2025},
  note = "[Online; accessed 2025-02-18]"
}

@misc{Software-Licensing-Types-Thales,
author = {Darim Rahmatallah},
  title = {Absolute Guide to Software Licensing Types | Licensing Models},
  url = "https://cpl.thalesgroup.com/software-monetization/software-licensing-models-guide",
month = {},
year = {},
  note = "[Online; accessed 2025-02-18]"
}

@misc{OpenSource-Software-Risks-ConnectWise,
author = {John Helms},
  title = {10 Risks of Open-Source Software | ConnectWise},
  url = "https://www.connectwise.com/blog/cybersecurity/open-source-software-risks",
month = {9},
year = {2023},
  note = "[Online; accessed 2025-02-18]"
}

@misc{Open-Source-EMR-Software,
author = {Contributors to Wikimedia projects},
  title = {OpenEMR - Wikipedia},
  url = "https://en.wikipedia.org/wiki/OpenEMR",
month = {8},
year = {2005},
  note = "[Online; accessed 2025-02-26]"
}

@misc{Open-Source-Business-Models,
author = {},
  title = {How companies make millions on Open Source – Palark | Blog},
  url = "https://blog.palark.com/open-source-business-models/",
month = {},
year = {},
  note = "[Online; accessed 2025-02-26]"
}

@misc{Open-Source-Guide-Austria,
author = {},
  title = {Open Source Guide für Österreich | netidee},
  url = "https://www.netidee.at/opensource-guide-oesterreich",
month = {},
year = {},
  note = "[Online; accessed 2025-02-26]"
}









@misc{Customer-Service-AI-Chatbots,
author = {ADA Global},
  title = {The Future of Customer Service with AI Chatbots | ADA},
  url = "https://www.adaglobal.com/resources/insights/the-future-of-customer-service-with-ai-chatbots",
month = {3},
year = {2025},
  note = "[Online; accessed 2025-03-19]"
}

@misc{IBM-AI-Supply-Chain,
author = {IBM},
  title = {What Is AI in Supply Chain? | IBM},
  url = "https://www.ibm.com/think/topics/ai-supply-chain",
month = {},
year = {},
  note = "[Online; accessed 2025-03-19]"
}

@misc{Predictive-Analysis-ai,
author = {Majid Ali Sanghro},
  title = {Artificial Intelligence in Economic Forecasting and Analysis - maseconomics},
  url = "https://maseconomics.com/artificial-intelligence-in-economic-forecasting-and-analysis/",
month = {3},
year = {2023},
  note = "[Online; accessed 2025-03-19]"
}

@misc{oecd2021ai,
  title        = {Artificial Intelligence in Society},
  howpublished = {\url{https://www.oecd.org/going-digital/ai-in-society.htm}},
  year         = {2021},
  note         = {Accessed: 2025-03-19},
  publisher    = {OECD}
}